/home/konstantin/Documents/Rabochie/univer/lections/fzr/programm/latex/unver_lib.bib